@Book{bib:book,
  Title                    = {Title of a book},
  Author                   = {Name Surname and Name Surname},
  Publisher                = {Publisher},
  Year                     = {2017},
  Address                  = {Hong Kong},
  ISBN                     = {83-204-3229-9-434}
}


@Article{bib:article,
  Title                    = {Title of an article in a journal},
  Author                   = {Surname, Name and Name Surname},
  Journal                  = {Journal Title},
  Year                     = {2016},
  Number                   = {8},
  Pages                    = {1092--1113},
  Volume                   = {157}
}


@InProceedings{bib:conference,
  Title                    = {Title of a conference article},
  Author                   = {Name Surname and Surname, Name and N. Surname},
  Booktitle                = {Conference title},
  Year                     = {2006}, 
  Pages                    = {5346--5349}
}

@online{bib:internet,
  author                   = {Name Surname and Surname, Name and N. Surname},
  title                    = {Title of a web page},
  year                     = {2021}, 
  url                      = {http://somewhere/on/the/internet.html},
  urldate                  = {2021-09-30}
}

@online{bib:big_data_security,
	author                   = {Colin Tankard},
	title                    = {Big data security},
	url                      = {https://www.sciencedirect.com/science/article/abs/pii/S1353485812700636},
	urldate                  = {2022-01-21}
}

@Book{bib:kafka,
	Title                    = {Kafka: The Definitive Guide: Real-Time Data and Stream Processing at Scale},
	Author                   = {Neha Narkhede and Gwen Shapira and Todd Palino},
	Publisher                = {O’Reilly Media, Inc.},
	Year                     = {2017},
	ISBN                     = {978-1491936160}
}

@online{bib:kafka_online,
author                   = {Apache Software Foundation},
title                    = {Apache Kafka - uses},
url                      = {https://kafka.apache.org/uses},
urldate                  = {2022-01-21}
}


@online{bib:cisco_annual,
author                   = {Cisco Systems, Inc.},
title                    = {Cisco Annual Internet Report (2018–2023)},
url={https://www.cisco.com/c/en/us/solutions/collateral/executive-perspectives/annual-internet-report/white-paper-c11-741490.pdf},
urldate                  = {2022-01-21}
}


@online{bib:cisco_blog,
	author                   = {Cisco Systems, Inc.},
	title                    = {The Zettabyte Era Officially Begins},
	url                      = {https://blogs.cisco.com/sp/the-zettabyte-era-officially-begins-how-much-is-that},
	urldate                  = {2022-01-21}
}

@Book{bib:big_data_in_practice,
	Title                    = {Big Data in Practice: How 45 Successful Companies Used Big Data Analytics to Deliver Extraordinary Results},
	Author                   = {Bernard Marr},
	Publisher                = {John Wiley and Sons Ltd},
	Year                     = {2016},
	ISBN                     = {978-1119231387}
}

@Book{bib:anonymization_pipeline,
	Title                    = {Building an Anonymization Pipeline: Creating Safe Data},
	Author                   = {Luk Arbuckle and Khaled El Emam},
	Publisher                = {O’Reilly Media, Inc},
	Year                     = {2020},
	ISBN                     = {978-1492053439}
}

@Article{bib:cern,
	Title                    = {Observation of a new particle in the search for the Standard Model Higgs boson with the ATLAS detector at the LHC [CERN-PH-EP-2012-218]},
	Journal                  = {Physics Letter B},
	Year                     = {2012},
	Number                   = {1},
	Pages                    = {1-29},
	Volume                   = {716}
}

@online{bib:sap,
	author                   = {SAP},
	title                    = {Integrating Web Analytics with your SAP Commerce Cloud Storefront - An Overview},
	url                      = {https://www.sap.com/cxworks/article/2589633935/integrating_web_analytics_with_your_sap_commerce_cloud_storefront_an_overview},
	urldate                  = {2022-01-21}
}

@Book{bib:anonymizing_health_data,
	Title                    = {Anonymizing Health Data: Case Studies and Methods to Get You Started},
	Author                   = {Khaled El Emam and Luk Arbuckle},
	Publisher                = {O’Reilly Media, Inc},
	Year                     = {2020},
	ISBN                     = {978-1449363079}
}


@online{bib:recital1,
	author                   = {European Comission},
	title                    = {General Data Protection Regulation - Recital 1},
	url                      = {https://gdpr-info.eu/recitals/no-1},
	urldate                  = {2022-01-21}
}

@online{bib:charter,
	author                   = {European Comission},
	title                    = {Charter of Fundamental Rights of the European Union},
	url                      = {https://eur-lex.europa.eu/legal-content/EN/TXT/PDF/?uri=CELEX:12012P/TXT&from=EN},
	urldate                  = {2022-01-21}
}

@online{bib:recital6,
	author                   = {European Comission},
	title                    = {General Data Protection Regulation - Recital 6},
	url                      = {https://gdpr-info.eu/recitals/no-6},
	urldate                  = {2022-01-21}
}

@online{bib:anonymization_for_research,
	author                   = {Petter Ødegård, Norwegian University of Science and Technology},
	title                    = {Data Anonymization for Research (Master's thesis)},
	year                     = {2019},
	url                      = {https://ntnuopen.ntnu.no/ntnu-xmlui/bitstream/handle/11250/2623146/no.ntnu%3ainspera%3a2508239.pdf},
	urldate                  = {2022-01-21}
}

@online{bib:recital26,
	author                   = {European Comission},
	title                    = {General Data Protection Regulation - Recital 26},
	url                      = {https://www.privacy-regulation.eu/en/recital-26-GDPR.htm},
	urldate                  = {2022-01-21}
}

